%To-Do: Quellen. Z.b vorherige Pr√§sentation oder die Aufgabenstellung etc